@Manual{R-bookdown,
  title = {bookdown: Authoring Books and Technical Documents with R Markdown},
  author = {Yihui Xie},
  year = {2018},
  note = {R package version 0.9},
  url = {https://CRAN.R-project.org/package=bookdown},
}
@Manual{R-revealjs,
  title = {revealjs: R Markdown Format for 'reveal.js' Presentations},
  author = {Hakim {El Hattab} and JJ Allaire},
  year = {2017},
  note = {R package version 0.9},
  url = {https://CRAN.R-project.org/package=revealjs},
}
